@misc{lumen-laravel,
author = "Taylor Otwell",
title = "micro-framework by Laravel",
publisher = "MIT license",
note = "[last access 13-Dec-2016]",
howpublished = "\url{https://lumen.laravel.com}",
}
@misc{laravel-homestead,
title = "Development Environment",
note = "[last access 13-Dec-2016]",
howpublished = "\url{https://laravel.com/docs/5.3/homestead}",
}